@article{costa_pirataria_2001,
	title = {A pirataria do nome de domínio na internet},
	volume = {41},
	issn = {0034-7590},
	url = {http://www.scielo.br/scielo.php?script=sci_arttext&pid=S0034-75902001000100006&lng=pt&tlng=pt},
	doi = {10.1590/S0034-75902001000100006},
	number = {1},
	journal = {Revista de Administração de Empresas},
	author = {Costa, Ligia Maura},
	month = mar,
	year = {2001},
	pages = {45--53},
	file = {Texto completo:C\:\\Users\\ruben\\Zotero\\storage\\UXFWLHSY\\Costa - 2001 - A pirataria do nome de domínio na internet.pdf:application/pdf},
}
